%YAML 1.1
%TAG !u! tag:unity3d.com,2011:
--- !u!1 &997410267222275073
GameObject:
  m_ObjectHideFlags: 0
  m_CorrespondingSourceObject: {fileID: 0}
  m_PrefabInstance: {fileID: 0}
  m_PrefabAsset: {fileID: 0}
  serializedVersion: 6
  m_Component:
  - component: {fileID: 997410267222275074}
  m_Layer: 8
  m_Name: BranchStationsParent
  m_TagString: Untagged
  m_Icon: {fileID: 0}
  m_NavMeshLayer: 0
  m_StaticEditorFlags: 0
  m_IsActive: 1
--- !u!4 &997410267222275074
Transform:
  m_ObjectHideFlags: 0
  m_CorrespondingSourceObject: {fileID: 0}
  m_PrefabInstance: {fileID: 0}
  m_PrefabAsset: {fileID: 0}
  m_GameObject: {fileID: 997410267222275073}
  m_LocalRotation: {x: 0, y: 0, z: 0, w: 1}
  m_LocalPosition: {x: 0, y: 0, z: 0}
  m_LocalScale: {x: 1, y: 1, z: 1}
  m_Children: []
  m_Father: {fileID: 997410269173748119}
  m_RootOrder: 4
  m_LocalEulerAnglesHint: {x: 0, y: 0, z: 0}
--- !u!1 &997410267305970619
GameObject:
  m_ObjectHideFlags: 0
  m_CorrespondingSourceObject: {fileID: 0}
  m_PrefabInstance: {fileID: 0}
  m_PrefabAsset: {fileID: 0}
  serializedVersion: 6
  m_Component:
  - component: {fileID: 997410267305970620}
  - component: {fileID: 997410267305970623}
  - component: {fileID: 997410267305970622}
  - component: {fileID: 997410267305970621}
  m_Layer: 0
  m_Name: Cube
  m_TagString: Untagged
  m_Icon: {fileID: 0}
  m_NavMeshLayer: 0
  m_StaticEditorFlags: 0
  m_IsActive: 1
--- !u!4 &997410267305970620
Transform:
  m_ObjectHideFlags: 0
  m_CorrespondingSourceObject: {fileID: 0}
  m_PrefabInstance: {fileID: 0}
  m_PrefabAsset: {fileID: 0}
  m_GameObject: {fileID: 997410267305970619}
  m_LocalRotation: {x: 0, y: 0, z: 0, w: 1}
  m_LocalPosition: {x: 0, y: 0, z: 0}
  m_LocalScale: {x: 0.61827, y: 1.4583135, z: 0.61827}
  m_Children: []
  m_Father: {fileID: 997410268712641947}
  m_RootOrder: 0
  m_LocalEulerAnglesHint: {x: 0, y: 0, z: 0}
--- !u!33 &997410267305970623
MeshFilter:
  m_ObjectHideFlags: 0
  m_CorrespondingSourceObject: {fileID: 0}
  m_PrefabInstance: {fileID: 0}
  m_PrefabAsset: {fileID: 0}
  m_GameObject: {fileID: 997410267305970619}
  m_Mesh: {fileID: 10202, guid: 0000000000000000e000000000000000, type: 0}
--- !u!23 &997410267305970622
MeshRenderer:
  m_ObjectHideFlags: 0
  m_CorrespondingSourceObject: {fileID: 0}
  m_PrefabInstance: {fileID: 0}
  m_PrefabAsset: {fileID: 0}
  m_GameObject: {fileID: 997410267305970619}
  m_Enabled: 0
  m_CastShadows: 1
  m_ReceiveShadows: 1
  m_DynamicOccludee: 1
  m_MotionVectors: 1
  m_LightProbeUsage: 1
  m_ReflectionProbeUsage: 1
  m_RayTracingMode: 2
  m_RenderingLayerMask: 1
  m_RendererPriority: 0
  m_Materials:
  - {fileID: 10303, guid: 0000000000000000f000000000000000, type: 0}
  m_StaticBatchInfo:
    firstSubMesh: 0
    subMeshCount: 0
  m_StaticBatchRoot: {fileID: 0}
  m_ProbeAnchor: {fileID: 0}
  m_LightProbeVolumeOverride: {fileID: 0}
  m_ScaleInLightmap: 1
  m_ReceiveGI: 1
  m_PreserveUVs: 0
  m_IgnoreNormalsForChartDetection: 0
  m_ImportantGI: 0
  m_StitchLightmapSeams: 1
  m_SelectedEditorRenderState: 3
  m_MinimumChartSize: 4
  m_AutoUVMaxDistance: 0.5
  m_AutoUVMaxAngle: 89
  m_LightmapParameters: {fileID: 0}
  m_SortingLayerID: 0
  m_SortingLayer: 0
  m_SortingOrder: 0
--- !u!65 &997410267305970621
BoxCollider:
  m_ObjectHideFlags: 0
  m_CorrespondingSourceObject: {fileID: 0}
  m_PrefabInstance: {fileID: 0}
  m_PrefabAsset: {fileID: 0}
  m_GameObject: {fileID: 997410267305970619}
  m_Material: {fileID: 0}
  m_IsTrigger: 0
  m_Enabled: 0
  serializedVersion: 2
  m_Size: {x: 1, y: 1, z: 1}
  m_Center: {x: 0, y: 0, z: 0}
--- !u!1 &997410267624096309
GameObject:
  m_ObjectHideFlags: 0
  m_CorrespondingSourceObject: {fileID: 0}
  m_PrefabInstance: {fileID: 0}
  m_PrefabAsset: {fileID: 0}
  serializedVersion: 6
  m_Component:
  - component: {fileID: 997410267624096310}
  m_Layer: 0
  m_Name: subBranchPoint (1)
  m_TagString: Untagged
  m_Icon: {fileID: 0}
  m_NavMeshLayer: 0
  m_StaticEditorFlags: 0
  m_IsActive: 1
--- !u!4 &997410267624096310
Transform:
  m_ObjectHideFlags: 0
  m_CorrespondingSourceObject: {fileID: 0}
  m_PrefabInstance: {fileID: 0}
  m_PrefabAsset: {fileID: 0}
  m_GameObject: {fileID: 997410267624096309}
  m_LocalRotation: {x: -0.01787232, y: 0.022172911, z: 0.3536249, w: 0.9349537}
  m_LocalPosition: {x: -0.7, y: 5.4, z: 0}
  m_LocalScale: {x: 1, y: 1, z: 1}
  m_Children:
  - {fileID: 997410269256497566}
  m_Father: {fileID: 997410269317619948}
  m_RootOrder: 3
  m_LocalEulerAnglesHint: {x: -2.8140001, y: 1.654, z: 41.395}
--- !u!1 &997410268110281890
GameObject:
  m_ObjectHideFlags: 0
  m_CorrespondingSourceObject: {fileID: 0}
  m_PrefabInstance: {fileID: 0}
  m_PrefabAsset: {fileID: 0}
  serializedVersion: 6
  m_Component:
  - component: {fileID: 997410268110281891}
  m_Layer: 0
  m_Name: HexUnitsHolder
  m_TagString: Untagged
  m_Icon: {fileID: 0}
  m_NavMeshLayer: 0
  m_StaticEditorFlags: 0
  m_IsActive: 1
--- !u!4 &997410268110281891
Transform:
  m_ObjectHideFlags: 0
  m_CorrespondingSourceObject: {fileID: 0}
  m_PrefabInstance: {fileID: 0}
  m_PrefabAsset: {fileID: 0}
  m_GameObject: {fileID: 997410268110281890}
  m_LocalRotation: {x: -0, y: -0, z: -0, w: 1}
  m_LocalPosition: {x: 0, y: 0, z: 0}
  m_LocalScale: {x: 1, y: 1, z: 1}
  m_Children: []
  m_Father: {fileID: 997410269317619948}
  m_RootOrder: 1
  m_LocalEulerAnglesHint: {x: 0, y: 0, z: 0}
--- !u!1 &997410268583510051
GameObject:
  m_ObjectHideFlags: 0
  m_CorrespondingSourceObject: {fileID: 0}
  m_PrefabInstance: {fileID: 0}
  m_PrefabAsset: {fileID: 0}
  serializedVersion: 6
  m_Component:
  - component: {fileID: 997410268583510052}
  m_Layer: 0
  m_Name: BonesHolder
  m_TagString: Untagged
  m_Icon: {fileID: 0}
  m_NavMeshLayer: 0
  m_StaticEditorFlags: 0
  m_IsActive: 1
--- !u!4 &997410268583510052
Transform:
  m_ObjectHideFlags: 0
  m_CorrespondingSourceObject: {fileID: 0}
  m_PrefabInstance: {fileID: 0}
  m_PrefabAsset: {fileID: 0}
  m_GameObject: {fileID: 997410268583510051}
  m_LocalRotation: {x: 0, y: 0, z: 0, w: 1}
  m_LocalPosition: {x: 0, y: 0, z: 0}
  m_LocalScale: {x: 1, y: 1, z: 1}
  m_Children: []
  m_Father: {fileID: 997410269317619948}
  m_RootOrder: 4
  m_LocalEulerAnglesHint: {x: 0, y: 0, z: 0}
--- !u!1 &997410268712641946
GameObject:
  m_ObjectHideFlags: 0
  m_CorrespondingSourceObject: {fileID: 0}
  m_PrefabInstance: {fileID: 0}
  m_PrefabAsset: {fileID: 0}
  serializedVersion: 6
  m_Component:
  - component: {fileID: 997410268712641947}
  m_Layer: 0
  m_Name: subBranchPoint
  m_TagString: Untagged
  m_Icon: {fileID: 0}
  m_NavMeshLayer: 0
  m_StaticEditorFlags: 0
  m_IsActive: 1
--- !u!4 &997410268712641947
Transform:
  m_ObjectHideFlags: 0
  m_CorrespondingSourceObject: {fileID: 0}
  m_PrefabInstance: {fileID: 0}
  m_PrefabAsset: {fileID: 0}
  m_GameObject: {fileID: 997410268712641946}
  m_LocalRotation: {x: -0.027984435, y: 0.0052847913, z: -0.33724564, w: 0.94098586}
  m_LocalPosition: {x: 0.82, y: 2.65, z: 0}
  m_LocalScale: {x: 1, y: 1, z: 1}
  m_Children:
  - {fileID: 997410267305970620}
  m_Father: {fileID: 997410269317619948}
  m_RootOrder: 2
  m_LocalEulerAnglesHint: {x: -2.8140001, y: 1.654, z: -39.476}
--- !u!1 &997410269173748117
GameObject:
  m_ObjectHideFlags: 0
  m_CorrespondingSourceObject: {fileID: 0}
  m_PrefabInstance: {fileID: 0}
  m_PrefabAsset: {fileID: 0}
  serializedVersion: 6
  m_Component:
  - component: {fileID: 997410269173748119}
  - component: {fileID: 997410269173748118}
  m_Layer: 8
  m_Name: BranchStationsManager
  m_TagString: Untagged
  m_Icon: {fileID: 0}
  m_NavMeshLayer: 0
  m_StaticEditorFlags: 0
  m_IsActive: 1
--- !u!4 &997410269173748119
Transform:
  m_ObjectHideFlags: 0
  m_CorrespondingSourceObject: {fileID: 0}
  m_PrefabInstance: {fileID: 0}
  m_PrefabAsset: {fileID: 0}
  m_GameObject: {fileID: 997410269173748117}
  m_LocalRotation: {x: -0, y: -0, z: -0, w: 1}
  m_LocalPosition: {x: 0, y: 0, z: 0}
  m_LocalScale: {x: 1, y: 1, z: 1}
  m_Children:
  - {fileID: 8334936742261421960}
  - {fileID: 109347310764971644}
  - {fileID: 109347310772041029}
  - {fileID: 109347311499405599}
  - {fileID: 997410267222275074}
  m_Father: {fileID: 997410269317619948}
  m_RootOrder: 0
  m_LocalEulerAnglesHint: {x: 0, y: 0, z: 0}
--- !u!114 &997410269173748118
MonoBehaviour:
  m_ObjectHideFlags: 0
  m_CorrespondingSourceObject: {fileID: 0}
  m_PrefabInstance: {fileID: 0}
  m_PrefabAsset: {fileID: 0}
  m_GameObject: {fileID: 997410269173748117}
  m_Enabled: 1
  m_EditorHideFlags: 0
  m_Script: {fileID: 11500000, guid: 1017224602f48b949b230c6ceaf40891, type: 3}
  m_Name: 
  m_EditorClassIdentifier: 
  BranchStationsSource:
  - {fileID: 5013323592408280730}
  - {fileID: 4016429376320638830}
  - {fileID: 4016429376336129111}
  - {fileID: 4016429375587332109}
  BranchStationsSize: 4
  BranchStations: []
  subSteps: 6
  subStationsList: []
  subStation: {fileID: 6457913719002286901, guid: 03ee3430271d626409a3143daa79089d,
    type: 3}
  branchCreationSystem: {fileID: 997410269317619949}
  branchStationsHolder: {fileID: 997410267222275073}
  bonesHolder: {fileID: 997410268583510051}
  bone: {fileID: 7143418535256604892, guid: 0e0174dd2293ff3498043ee13697f279, type: 3}
  bones: []
  BranchWaveAnimCreation: {fileID: 997410269317619729}
--- !u!1 &997410269256497565
GameObject:
  m_ObjectHideFlags: 0
  m_CorrespondingSourceObject: {fileID: 0}
  m_PrefabInstance: {fileID: 0}
  m_PrefabAsset: {fileID: 0}
  serializedVersion: 6
  m_Component:
  - component: {fileID: 997410269256497566}
  - component: {fileID: 997410269256497537}
  - component: {fileID: 997410269256497536}
  - component: {fileID: 997410269256497567}
  m_Layer: 0
  m_Name: Cube
  m_TagString: Untagged
  m_Icon: {fileID: 0}
  m_NavMeshLayer: 0
  m_StaticEditorFlags: 0
  m_IsActive: 1
--- !u!4 &997410269256497566
Transform:
  m_ObjectHideFlags: 0
  m_CorrespondingSourceObject: {fileID: 0}
  m_PrefabInstance: {fileID: 0}
  m_PrefabAsset: {fileID: 0}
  m_GameObject: {fileID: 997410269256497565}
  m_LocalRotation: {x: 0, y: 0, z: 0, w: 1}
  m_LocalPosition: {x: 0, y: 0, z: 0}
  m_LocalScale: {x: 0.61827, y: 1.4583135, z: 0.61827}
  m_Children: []
  m_Father: {fileID: 997410267624096310}
  m_RootOrder: 0
  m_LocalEulerAnglesHint: {x: 0, y: 0, z: 0}
--- !u!33 &997410269256497537
MeshFilter:
  m_ObjectHideFlags: 0
  m_CorrespondingSourceObject: {fileID: 0}
  m_PrefabInstance: {fileID: 0}
  m_PrefabAsset: {fileID: 0}
  m_GameObject: {fileID: 997410269256497565}
  m_Mesh: {fileID: 10202, guid: 0000000000000000e000000000000000, type: 0}
--- !u!23 &997410269256497536
MeshRenderer:
  m_ObjectHideFlags: 0
  m_CorrespondingSourceObject: {fileID: 0}
  m_PrefabInstance: {fileID: 0}
  m_PrefabAsset: {fileID: 0}
  m_GameObject: {fileID: 997410269256497565}
  m_Enabled: 0
  m_CastShadows: 1
  m_ReceiveShadows: 1
  m_DynamicOccludee: 1
  m_MotionVectors: 1
  m_LightProbeUsage: 1
  m_ReflectionProbeUsage: 1
  m_RayTracingMode: 2
  m_RenderingLayerMask: 1
  m_RendererPriority: 0
  m_Materials:
  - {fileID: 10303, guid: 0000000000000000f000000000000000, type: 0}
  m_StaticBatchInfo:
    firstSubMesh: 0
    subMeshCount: 0
  m_StaticBatchRoot: {fileID: 0}
  m_ProbeAnchor: {fileID: 0}
  m_LightProbeVolumeOverride: {fileID: 0}
  m_ScaleInLightmap: 1
  m_ReceiveGI: 1
  m_PreserveUVs: 0
  m_IgnoreNormalsForChartDetection: 0
  m_ImportantGI: 0
  m_StitchLightmapSeams: 1
  m_SelectedEditorRenderState: 3
  m_MinimumChartSize: 4
  m_AutoUVMaxDistance: 0.5
  m_AutoUVMaxAngle: 89
  m_LightmapParameters: {fileID: 0}
  m_SortingLayerID: 0
  m_SortingLayer: 0
  m_SortingOrder: 0
--- !u!65 &997410269256497567
BoxCollider:
  m_ObjectHideFlags: 0
  m_CorrespondingSourceObject: {fileID: 0}
  m_PrefabInstance: {fileID: 0}
  m_PrefabAsset: {fileID: 0}
  m_GameObject: {fileID: 997410269256497565}
  m_Material: {fileID: 0}
  m_IsTrigger: 0
  m_Enabled: 0
  serializedVersion: 2
  m_Size: {x: 1, y: 1, z: 1}
  m_Center: {x: 0, y: 0, z: 0}
--- !u!1 &997410269317619947
GameObject:
  m_ObjectHideFlags: 0
  m_CorrespondingSourceObject: {fileID: 0}
  m_PrefabInstance: {fileID: 0}
  m_PrefabAsset: {fileID: 0}
  serializedVersion: 6
  m_Component:
  - component: {fileID: 997410269317619948}
  - component: {fileID: 997410269317619949}
  - component: {fileID: 997410269317619728}
  - component: {fileID: 997410269317619951}
  - component: {fileID: 997410269317619950}
  - component: {fileID: 997410269317619729}
  m_Layer: 0
  m_Name: TreeBranchAnimSub
  m_TagString: Untagged
  m_Icon: {fileID: 0}
  m_NavMeshLayer: 0
  m_StaticEditorFlags: 0
  m_IsActive: 1
--- !u!4 &997410269317619948
Transform:
  m_ObjectHideFlags: 0
  m_CorrespondingSourceObject: {fileID: 0}
  m_PrefabInstance: {fileID: 0}
  m_PrefabAsset: {fileID: 0}
  m_GameObject: {fileID: 997410269317619947}
  m_LocalRotation: {x: 0, y: 0, z: 0, w: 1}
  m_LocalPosition: {x: 0, y: 0, z: 0}
  m_LocalScale: {x: 1, y: 1, z: 1}
  m_Children:
  - {fileID: 997410269173748119}
  - {fileID: 997410268110281891}
  - {fileID: 997410268712641947}
  - {fileID: 997410267624096310}
  - {fileID: 997410268583510052}
  m_Father: {fileID: 0}
  m_RootOrder: 0
  m_LocalEulerAnglesHint: {x: 0, y: 0, z: 0}
--- !u!114 &997410269317619949
MonoBehaviour:
  m_ObjectHideFlags: 0
  m_CorrespondingSourceObject: {fileID: 0}
  m_PrefabInstance: {fileID: 0}
  m_PrefabAsset: {fileID: 0}
  m_GameObject: {fileID: 997410269317619947}
  m_Enabled: 1
  m_EditorHideFlags: 0
  m_Script: {fileID: 11500000, guid: 6efc78536c02fa94e863277fb3a4fae1, type: 3}
  m_Name: 
  m_EditorClassIdentifier: 
  BranchStations: []
  HexUnit: {fileID: 4043884996629397657, guid: cd43ac303252c92479e620f52085f904, type: 3}
  HexUnitsAttr: []
  HexUnitsHolder: {fileID: 997410268110281890}
  tempTar: 
  LastrunningHexIndexes: 6
  branchMeshCreation: {fileID: 997410269317619728}
  BranchStationsManager: {fileID: 997410269173748118}
  currentHexScale: 0.5
  subBranchpoints:
  - {fileID: 997410268712641947}
  - {fileID: 997410267624096310}
  subBranchTriggerpoints: 0f00000017000000
  subBranching: 1
  myClone: {fileID: 6346569699297990739, guid: baaded9b3a142be4ca3769e2a5d266dd, type: 3}
  subBone: {fileID: 8151157308131354580, guid: 83764b111ef44ad4eab7756d6f1ee15f, type: 3}
  BoneMode: 0
  leafHolderHexIndexes:
  - 0.1
  - 0.3
  - 0.5
  - 0.7
  - 0.9
  leafMesh: {fileID: 1499633196927610215, guid: 466b1eae5bb24fb4998de4eefbd1ab90,
    type: 3}
  leafObjects: []
  branchCreationSpeed: 8
--- !u!114 &997410269317619728
MonoBehaviour:
  m_ObjectHideFlags: 0
  m_CorrespondingSourceObject: {fileID: 0}
  m_PrefabInstance: {fileID: 0}
  m_PrefabAsset: {fileID: 0}
  m_GameObject: {fileID: 997410269317619947}
  m_Enabled: 1
  m_EditorHideFlags: 0
  m_Script: {fileID: 11500000, guid: 0583ceef6981d3c45a10ddf6aab15326, type: 3}
  m_Name: 
  m_EditorClassIdentifier: 
  BranchMesh: {fileID: 0}
  HexUnits: []
  BranchVerticesList: []
  BranchVertices: []
  BranchVerticesSpheres: []
  BranchTriangles: 
  BranchTrianglesList: 
  treeMat: {fileID: 2100000, guid: 454e47410924d5e4bbdcc4766a9ac305, type: 2}
  BranchUv: []
--- !u!33 &997410269317619951
MeshFilter:
  m_ObjectHideFlags: 0
  m_CorrespondingSourceObject: {fileID: 0}
  m_PrefabInstance: {fileID: 0}
  m_PrefabAsset: {fileID: 0}
  m_GameObject: {fileID: 997410269317619947}
  m_Mesh: {fileID: 0}
--- !u!23 &997410269317619950
MeshRenderer:
  m_ObjectHideFlags: 0
  m_CorrespondingSourceObject: {fileID: 0}
  m_PrefabInstance: {fileID: 0}
  m_PrefabAsset: {fileID: 0}
  m_GameObject: {fileID: 997410269317619947}
  m_Enabled: 1
  m_CastShadows: 1
  m_ReceiveShadows: 1
  m_DynamicOccludee: 1
  m_MotionVectors: 1
  m_LightProbeUsage: 1
  m_ReflectionProbeUsage: 1
  m_RayTracingMode: 2
  m_RenderingLayerMask: 1
  m_RendererPriority: 0
  m_Materials:
  - {fileID: 0}
  m_StaticBatchInfo:
    firstSubMesh: 0
    subMeshCount: 0
  m_StaticBatchRoot: {fileID: 0}
  m_ProbeAnchor: {fileID: 0}
  m_LightProbeVolumeOverride: {fileID: 0}
  m_ScaleInLightmap: 1
  m_ReceiveGI: 1
  m_PreserveUVs: 0
  m_IgnoreNormalsForChartDetection: 0
  m_ImportantGI: 0
  m_StitchLightmapSeams: 1
  m_SelectedEditorRenderState: 3
  m_MinimumChartSize: 4
  m_AutoUVMaxDistance: 0.5
  m_AutoUVMaxAngle: 89
  m_LightmapParameters: {fileID: 0}
  m_SortingLayerID: 0
  m_SortingLayer: 0
  m_SortingOrder: 0
--- !u!114 &997410269317619729
MonoBehaviour:
  m_ObjectHideFlags: 0
  m_CorrespondingSourceObject: {fileID: 0}
  m_PrefabInstance: {fileID: 0}
  m_PrefabAsset: {fileID: 0}
  m_GameObject: {fileID: 997410269317619947}
  m_Enabled: 1
  m_EditorHideFlags: 0
  m_Script: {fileID: 11500000, guid: ec95181fd3f7bad4c98ae801efe03d6c, type: 3}
  m_Name: 
  m_EditorClassIdentifier: 
  sinAngle: 0
  sineValue: 0
  tearSineValue: 0
  sineValues: []
  bones: []
  animSpeed: 200
  MaxAngle: 10
  valueOffset: -50
  branchCreationSystem: {fileID: 997410269317619949}
  intensity: 0
  rightTension: 0
  multiplier: 0
  released: 0
  DummySignValue: 0
  MyLeafClicked: 0
  GotClickError: 0
  clickError: 0
--- !u!1001 &997410267215519626
PrefabInstance:
  m_ObjectHideFlags: 0
  serializedVersion: 2
  m_Modification:
    m_TransformParent: {fileID: 997410269173748119}
    m_Modifications:
    - target: {fileID: 888327975201408839, guid: 756a9d6b342ab064296cf2c222529322,
        type: 3}
      propertyPath: m_Layer
      value: 8
      objectReference: {fileID: 0}
    - target: {fileID: 888327975968552596, guid: 756a9d6b342ab064296cf2c222529322,
        type: 3}
      propertyPath: m_Name
      value: branchStationSmooth (3)
      objectReference: {fileID: 0}
    - target: {fileID: 888327975968552596, guid: 756a9d6b342ab064296cf2c222529322,
        type: 3}
      propertyPath: m_Layer
      value: 8
      objectReference: {fileID: 0}
    - target: {fileID: 888327975968552597, guid: 756a9d6b342ab064296cf2c222529322,
        type: 3}
      propertyPath: m_LocalPosition.x
      value: 0.97999996
      objectReference: {fileID: 0}
    - target: {fileID: 888327975968552597, guid: 756a9d6b342ab064296cf2c222529322,
        type: 3}
      propertyPath: m_LocalPosition.y
      value: 8.77
      objectReference: {fileID: 0}
    - target: {fileID: 888327975968552597, guid: 756a9d6b342ab064296cf2c222529322,
        type: 3}
      propertyPath: m_LocalPosition.z
      value: 0
      objectReference: {fileID: 0}
    - target: {fileID: 888327975968552597, guid: 756a9d6b342ab064296cf2c222529322,
        type: 3}
      propertyPath: m_LocalRotation.x
      value: -0
      objectReference: {fileID: 0}
    - target: {fileID: 888327975968552597, guid: 756a9d6b342ab064296cf2c222529322,
        type: 3}
      propertyPath: m_LocalRotation.y
      value: -0
      objectReference: {fileID: 0}
    - target: {fileID: 888327975968552597, guid: 756a9d6b342ab064296cf2c222529322,
        type: 3}
      propertyPath: m_LocalRotation.z
      value: -0
      objectReference: {fileID: 0}
    - target: {fileID: 888327975968552597, guid: 756a9d6b342ab064296cf2c222529322,
        type: 3}
      propertyPath: m_LocalRotation.w
      value: 1
      objectReference: {fileID: 0}
    - target: {fileID: 888327975968552597, guid: 756a9d6b342ab064296cf2c222529322,
        type: 3}
      propertyPath: m_RootOrder
      value: 3
      objectReference: {fileID: 0}
    - target: {fileID: 888327975968552597, guid: 756a9d6b342ab064296cf2c222529322,
        type: 3}
      propertyPath: m_LocalEulerAnglesHint.x
      value: 0
      objectReference: {fileID: 0}
    - target: {fileID: 888327975968552597, guid: 756a9d6b342ab064296cf2c222529322,
        type: 3}
      propertyPath: m_LocalEulerAnglesHint.y
      value: 0
      objectReference: {fileID: 0}
    - target: {fileID: 888327975968552597, guid: 756a9d6b342ab064296cf2c222529322,
        type: 3}
      propertyPath: m_LocalEulerAnglesHint.z
      value: 0
      objectReference: {fileID: 0}
    - target: {fileID: 1499028732043454417, guid: 756a9d6b342ab064296cf2c222529322,
        type: 3}
      propertyPath: m_Layer
      value: 8
      objectReference: {fileID: 0}
    - target: {fileID: 7543720648618604979, guid: 756a9d6b342ab064296cf2c222529322,
        type: 3}
      propertyPath: m_Layer
      value: 8
      objectReference: {fileID: 0}
    - target: {fileID: 8964423230250177876, guid: 756a9d6b342ab064296cf2c222529322,
        type: 3}
      propertyPath: m_Layer
      value: 8
      objectReference: {fileID: 0}
    m_RemovedComponents: []
  m_SourcePrefab: {fileID: 100100000, guid: 756a9d6b342ab064296cf2c222529322, type: 3}
--- !u!114 &4016429375587332109 stripped
MonoBehaviour:
  m_CorrespondingSourceObject: {fileID: 4209381749884907399, guid: 756a9d6b342ab064296cf2c222529322,
    type: 3}
  m_PrefabInstance: {fileID: 997410267215519626}
  m_PrefabAsset: {fileID: 0}
  m_GameObject: {fileID: 0}
  m_Enabled: 1
  m_EditorHideFlags: 0
  m_Script: {fileID: 11500000, guid: 701e2289831ab1f4d845b9fa31df83c9, type: 3}
  m_Name: 
  m_EditorClassIdentifier: 
--- !u!4 &109347311499405599 stripped
Transform:
  m_CorrespondingSourceObject: {fileID: 888327975968552597, guid: 756a9d6b342ab064296cf2c222529322,
    type: 3}
  m_PrefabInstance: {fileID: 997410267215519626}
  m_PrefabAsset: {fileID: 0}
--- !u!1001 &997410268614198224
PrefabInstance:
  m_ObjectHideFlags: 0
  serializedVersion: 2
  m_Modification:
    m_TransformParent: {fileID: 997410269173748119}
    m_Modifications:
    - target: {fileID: 888327975201408839, guid: 756a9d6b342ab064296cf2c222529322,
        type: 3}
      propertyPath: m_Layer
      value: 8
      objectReference: {fileID: 0}
    - target: {fileID: 888327975968552596, guid: 756a9d6b342ab064296cf2c222529322,
        type: 3}
      propertyPath: m_Name
      value: branchStationSmooth (2)
      objectReference: {fileID: 0}
    - target: {fileID: 888327975968552596, guid: 756a9d6b342ab064296cf2c222529322,
        type: 3}
      propertyPath: m_Layer
      value: 8
      objectReference: {fileID: 0}
    - target: {fileID: 888327975968552597, guid: 756a9d6b342ab064296cf2c222529322,
        type: 3}
      propertyPath: m_LocalPosition.x
      value: -0.77000004
      objectReference: {fileID: 0}
    - target: {fileID: 888327975968552597, guid: 756a9d6b342ab064296cf2c222529322,
        type: 3}
      propertyPath: m_LocalPosition.y
      value: 5.4
      objectReference: {fileID: 0}
    - target: {fileID: 888327975968552597, guid: 756a9d6b342ab064296cf2c222529322,
        type: 3}
      propertyPath: m_LocalPosition.z
      value: 0
      objectReference: {fileID: 0}
    - target: {fileID: 888327975968552597, guid: 756a9d6b342ab064296cf2c222529322,
        type: 3}
      propertyPath: m_LocalRotation.x
      value: -0
      objectReference: {fileID: 0}
    - target: {fileID: 888327975968552597, guid: 756a9d6b342ab064296cf2c222529322,
        type: 3}
      propertyPath: m_LocalRotation.y
      value: -0
      objectReference: {fileID: 0}
    - target: {fileID: 888327975968552597, guid: 756a9d6b342ab064296cf2c222529322,
        type: 3}
      propertyPath: m_LocalRotation.z
      value: -0
      objectReference: {fileID: 0}
    - target: {fileID: 888327975968552597, guid: 756a9d6b342ab064296cf2c222529322,
        type: 3}
      propertyPath: m_LocalRotation.w
      value: 1
      objectReference: {fileID: 0}
    - target: {fileID: 888327975968552597, guid: 756a9d6b342ab064296cf2c222529322,
        type: 3}
      propertyPath: m_RootOrder
      value: 2
      objectReference: {fileID: 0}
    - target: {fileID: 888327975968552597, guid: 756a9d6b342ab064296cf2c222529322,
        type: 3}
      propertyPath: m_LocalEulerAnglesHint.x
      value: 0
      objectReference: {fileID: 0}
    - target: {fileID: 888327975968552597, guid: 756a9d6b342ab064296cf2c222529322,
        type: 3}
      propertyPath: m_LocalEulerAnglesHint.y
      value: 0
      objectReference: {fileID: 0}
    - target: {fileID: 888327975968552597, guid: 756a9d6b342ab064296cf2c222529322,
        type: 3}
      propertyPath: m_LocalEulerAnglesHint.z
      value: 0
      objectReference: {fileID: 0}
    - target: {fileID: 1499028732043454417, guid: 756a9d6b342ab064296cf2c222529322,
        type: 3}
      propertyPath: m_Layer
      value: 8
      objectReference: {fileID: 0}
    - target: {fileID: 7543720648618604979, guid: 756a9d6b342ab064296cf2c222529322,
        type: 3}
      propertyPath: m_Layer
      value: 8
      objectReference: {fileID: 0}
    - target: {fileID: 8964423230250177876, guid: 756a9d6b342ab064296cf2c222529322,
        type: 3}
      propertyPath: m_Layer
      value: 8
      objectReference: {fileID: 0}
    m_RemovedComponents: []
  m_SourcePrefab: {fileID: 100100000, guid: 756a9d6b342ab064296cf2c222529322, type: 3}
--- !u!114 &4016429376336129111 stripped
MonoBehaviour:
  m_CorrespondingSourceObject: {fileID: 4209381749884907399, guid: 756a9d6b342ab064296cf2c222529322,
    type: 3}
  m_PrefabInstance: {fileID: 997410268614198224}
  m_PrefabAsset: {fileID: 0}
  m_GameObject: {fileID: 0}
  m_Enabled: 1
  m_EditorHideFlags: 0
  m_Script: {fileID: 11500000, guid: 701e2289831ab1f4d845b9fa31df83c9, type: 3}
  m_Name: 
  m_EditorClassIdentifier: 
--- !u!4 &109347310772041029 stripped
Transform:
  m_CorrespondingSourceObject: {fileID: 888327975968552597, guid: 756a9d6b342ab064296cf2c222529322,
    type: 3}
  m_PrefabInstance: {fileID: 997410268614198224}
  m_PrefabAsset: {fileID: 0}
--- !u!1001 &997410268628639977
PrefabInstance:
  m_ObjectHideFlags: 0
  serializedVersion: 2
  m_Modification:
    m_TransformParent: {fileID: 997410269173748119}
    m_Modifications:
    - target: {fileID: 888327975201408839, guid: 756a9d6b342ab064296cf2c222529322,
        type: 3}
      propertyPath: m_Layer
      value: 8
      objectReference: {fileID: 0}
    - target: {fileID: 888327975968552596, guid: 756a9d6b342ab064296cf2c222529322,
        type: 3}
      propertyPath: m_Name
      value: branchStationSmooth (1)
      objectReference: {fileID: 0}
    - target: {fileID: 888327975968552596, guid: 756a9d6b342ab064296cf2c222529322,
        type: 3}
      propertyPath: m_Layer
      value: 8
      objectReference: {fileID: 0}
    - target: {fileID: 888327975968552597, guid: 756a9d6b342ab064296cf2c222529322,
        type: 3}
      propertyPath: m_LocalPosition.x
      value: 0.94
      objectReference: {fileID: 0}
    - target: {fileID: 888327975968552597, guid: 756a9d6b342ab064296cf2c222529322,
        type: 3}
      propertyPath: m_LocalPosition.y
      value: 2.61
      objectReference: {fileID: 0}
    - target: {fileID: 888327975968552597, guid: 756a9d6b342ab064296cf2c222529322,
        type: 3}
      propertyPath: m_LocalPosition.z
      value: 0
      objectReference: {fileID: 0}
    - target: {fileID: 888327975968552597, guid: 756a9d6b342ab064296cf2c222529322,
        type: 3}
      propertyPath: m_LocalRotation.x
      value: -0
      objectReference: {fileID: 0}
    - target: {fileID: 888327975968552597, guid: 756a9d6b342ab064296cf2c222529322,
        type: 3}
      propertyPath: m_LocalRotation.y
      value: -0
      objectReference: {fileID: 0}
    - target: {fileID: 888327975968552597, guid: 756a9d6b342ab064296cf2c222529322,
        type: 3}
      propertyPath: m_LocalRotation.z
      value: -0
      objectReference: {fileID: 0}
    - target: {fileID: 888327975968552597, guid: 756a9d6b342ab064296cf2c222529322,
        type: 3}
      propertyPath: m_LocalRotation.w
      value: 1
      objectReference: {fileID: 0}
    - target: {fileID: 888327975968552597, guid: 756a9d6b342ab064296cf2c222529322,
        type: 3}
      propertyPath: m_RootOrder
      value: 1
      objectReference: {fileID: 0}
    - target: {fileID: 888327975968552597, guid: 756a9d6b342ab064296cf2c222529322,
        type: 3}
      propertyPath: m_LocalEulerAnglesHint.x
      value: 0
      objectReference: {fileID: 0}
    - target: {fileID: 888327975968552597, guid: 756a9d6b342ab064296cf2c222529322,
        type: 3}
      propertyPath: m_LocalEulerAnglesHint.y
      value: 0
      objectReference: {fileID: 0}
    - target: {fileID: 888327975968552597, guid: 756a9d6b342ab064296cf2c222529322,
        type: 3}
      propertyPath: m_LocalEulerAnglesHint.z
      value: 0
      objectReference: {fileID: 0}
    - target: {fileID: 1499028732043454417, guid: 756a9d6b342ab064296cf2c222529322,
        type: 3}
      propertyPath: m_Layer
      value: 8
      objectReference: {fileID: 0}
    - target: {fileID: 7543720648618604979, guid: 756a9d6b342ab064296cf2c222529322,
        type: 3}
      propertyPath: m_Layer
      value: 8
      objectReference: {fileID: 0}
    - target: {fileID: 8964423230250177876, guid: 756a9d6b342ab064296cf2c222529322,
        type: 3}
      propertyPath: m_Layer
      value: 8
      objectReference: {fileID: 0}
    m_RemovedComponents: []
  m_SourcePrefab: {fileID: 100100000, guid: 756a9d6b342ab064296cf2c222529322, type: 3}
--- !u!114 &4016429376320638830 stripped
MonoBehaviour:
  m_CorrespondingSourceObject: {fileID: 4209381749884907399, guid: 756a9d6b342ab064296cf2c222529322,
    type: 3}
  m_PrefabInstance: {fileID: 997410268628639977}
  m_PrefabAsset: {fileID: 0}
  m_GameObject: {fileID: 0}
  m_Enabled: 1
  m_EditorHideFlags: 0
  m_Script: {fileID: 11500000, guid: 701e2289831ab1f4d845b9fa31df83c9, type: 3}
  m_Name: 
  m_EditorClassIdentifier: 
--- !u!4 &109347310764971644 stripped
Transform:
  m_CorrespondingSourceObject: {fileID: 888327975968552597, guid: 756a9d6b342ab064296cf2c222529322,
    type: 3}
  m_PrefabInstance: {fileID: 997410268628639977}
  m_PrefabAsset: {fileID: 0}
--- !u!1001 &9221222873479397661
PrefabInstance:
  m_ObjectHideFlags: 0
  serializedVersion: 2
  m_Modification:
    m_TransformParent: {fileID: 997410269173748119}
    m_Modifications:
    - target: {fileID: 888327975201408839, guid: 756a9d6b342ab064296cf2c222529322,
        type: 3}
      propertyPath: m_Layer
      value: 8
      objectReference: {fileID: 0}
    - target: {fileID: 888327975968552596, guid: 756a9d6b342ab064296cf2c222529322,
        type: 3}
      propertyPath: m_Name
      value: branchStationSmooth
      objectReference: {fileID: 0}
    - target: {fileID: 888327975968552596, guid: 756a9d6b342ab064296cf2c222529322,
        type: 3}
      propertyPath: m_Layer
      value: 8
      objectReference: {fileID: 0}
    - target: {fileID: 888327975968552597, guid: 756a9d6b342ab064296cf2c222529322,
        type: 3}
      propertyPath: m_LocalPosition.x
      value: 0
      objectReference: {fileID: 0}
    - target: {fileID: 888327975968552597, guid: 756a9d6b342ab064296cf2c222529322,
        type: 3}
      propertyPath: m_LocalPosition.y
      value: 0
      objectReference: {fileID: 0}
    - target: {fileID: 888327975968552597, guid: 756a9d6b342ab064296cf2c222529322,
        type: 3}
      propertyPath: m_LocalPosition.z
      value: 0
      objectReference: {fileID: 0}
    - target: {fileID: 888327975968552597, guid: 756a9d6b342ab064296cf2c222529322,
        type: 3}
      propertyPath: m_LocalRotation.x
      value: -0
      objectReference: {fileID: 0}
    - target: {fileID: 888327975968552597, guid: 756a9d6b342ab064296cf2c222529322,
        type: 3}
      propertyPath: m_LocalRotation.y
      value: -0
      objectReference: {fileID: 0}
    - target: {fileID: 888327975968552597, guid: 756a9d6b342ab064296cf2c222529322,
        type: 3}
      propertyPath: m_LocalRotation.z
      value: -0
      objectReference: {fileID: 0}
    - target: {fileID: 888327975968552597, guid: 756a9d6b342ab064296cf2c222529322,
        type: 3}
      propertyPath: m_LocalRotation.w
      value: 1
      objectReference: {fileID: 0}
    - target: {fileID: 888327975968552597, guid: 756a9d6b342ab064296cf2c222529322,
        type: 3}
      propertyPath: m_RootOrder
      value: 0
      objectReference: {fileID: 0}
    - target: {fileID: 888327975968552597, guid: 756a9d6b342ab064296cf2c222529322,
        type: 3}
      propertyPath: m_LocalEulerAnglesHint.x
      value: 0
      objectReference: {fileID: 0}
    - target: {fileID: 888327975968552597, guid: 756a9d6b342ab064296cf2c222529322,
        type: 3}
      propertyPath: m_LocalEulerAnglesHint.y
      value: 0
      objectReference: {fileID: 0}
    - target: {fileID: 888327975968552597, guid: 756a9d6b342ab064296cf2c222529322,
        type: 3}
      propertyPath: m_LocalEulerAnglesHint.z
      value: 0
      objectReference: {fileID: 0}
    - target: {fileID: 1499028732043454417, guid: 756a9d6b342ab064296cf2c222529322,
        type: 3}
      propertyPath: m_Layer
      value: 8
      objectReference: {fileID: 0}
    - target: {fileID: 7543720648618604979, guid: 756a9d6b342ab064296cf2c222529322,
        type: 3}
      propertyPath: m_Layer
      value: 8
      objectReference: {fileID: 0}
    - target: {fileID: 8964423230250177876, guid: 756a9d6b342ab064296cf2c222529322,
        type: 3}
      propertyPath: m_Layer
      value: 8
      objectReference: {fileID: 0}
    m_RemovedComponents: []
  m_SourcePrefab: {fileID: 100100000, guid: 756a9d6b342ab064296cf2c222529322, type: 3}
--- !u!114 &5013323592408280730 stripped
MonoBehaviour:
  m_CorrespondingSourceObject: {fileID: 4209381749884907399, guid: 756a9d6b342ab064296cf2c222529322,
    type: 3}
  m_PrefabInstance: {fileID: 9221222873479397661}
  m_PrefabAsset: {fileID: 0}
  m_GameObject: {fileID: 0}
  m_Enabled: 1
  m_EditorHideFlags: 0
  m_Script: {fileID: 11500000, guid: 701e2289831ab1f4d845b9fa31df83c9, type: 3}
  m_Name: 
  m_EditorClassIdentifier: 
--- !u!4 &8334936742261421960 stripped
Transform:
  m_CorrespondingSourceObject: {fileID: 888327975968552597, guid: 756a9d6b342ab064296cf2c222529322,
    type: 3}
  m_PrefabInstance: {fileID: 9221222873479397661}
  m_PrefabAsset: {fileID: 0}
